/home/patrl/GitHub/bibliography/elliott_mybib.bib